<?xml version="1.0" encoding="UTF-8"?><collection xmlns="http://www.loc.gov/MARC21/slim"><record><leader>00436nam--2200121-i-4500</leader><controlfield tag="001">000006875</controlfield><controlfield tag="002">20161230</controlfield><controlfield tag="005">20161230201027</controlfield><controlfield tag="008">060222s1000------------r-----000-0-eng-d</controlfield><datafield ind1=" " ind2=" " tag="245"><subfield code="a">Relativity groups and topology. lectures delivered at les houches during the 1963 session of the summer school of theoretical physics. university of grenoble</subfield></datafield><datafield ind1=" " ind2=" " tag="260"><subfield code="a">New York, Gordon And Breach, 1964</subfield></datafield><datafield ind1=" " ind2=" " tag="490"><subfield code="a">Xvi+929p</subfield></datafield><datafield ind1=" " ind2=" " tag="700"><subfield code="a">Dewitt, C., Dewitt, B</subfield></datafield></record></collection>